@article{ihaka1996r,
	title={R: a language for data analysis and graphics},
	author={Ihaka, Ross and Gentleman, Robert},
	journal={Journal of computational and graphical statistics},
	volume={5},
	number={3},
	pages={299--314},
	year={1996},
	publisher={Taylor \& Francis}
}

@inproceedings{fragoso2016cmfdr,
	author = {Fragoso, R.C.P. and Pinheiro, R.H.W. and Cavalcanti, G.D.C.},
	title={Class-dependent feature selection algorithm for text categorization},
	booktitle={International Joint Conference on Neural Networks},
	year={2016}
}

@inproceedings{fragoso2016afsa,
	author = {Fragoso, R.C.P. and Pinheiro, R.H.W. and Cavalcanti, G.D.C.},
	title={A method for automatic determination of the feature vector size for text categorization},
	booktitle={2016 Brazilian Conference on Intelligent Systems},
	year={2016}
}

@article{debole2005analysis,
	title={An analysis of the relative hardness of Reuters-21578 subsets},
	author={Debole, Franca and Sebastiani, Fabrizio},
	journal={Journal of the American Society for Information Science and technology},
	volume={56},
	number={6},
	pages={584--596},
	year={2005},
	publisher={Wiley Online Library}
}

@ARTICLE{chang2008multilabel,
	author = {Chang, Y.C. and Chen, S.M. and Liau, C.J.},
	title = {{Multilabel text categorization based on a new linear classifier learning method and a category-sensitive refinement method}},
	journal = {Expert Systems with Applications},
	year = {2008},
	volume = {34},
	pages = {1948--1953},
	number = {3},
	issn = {0957-4174},
	publisher = {Elsevier}
}

@ARTICLE{chen2009feature,
	author = {Chen, J. and Huang, H. and Tian, S. and Qu, Y.},
	title = {{Feature selection for text classification with Naive Bayes}},
	journal = {Expert Systems with Applications},
	year = {2009},
	volume = {36},
	pages = {5432--5435},
	number = {3},
	publisher = {Elsevier}
}

@article{yang2011new,
	title={A new feature selection algorithm based on binomial hypothesis testing for spam filtering},
	author={Yang, Jieming and Liu, Yuanning and Liu, Zhen and Zhu, Xiaodong and Zhang, Xiaoxu},
	journal={Knowledge-Based Systems},
	volume={24},
	number={6},
	pages={904--914},
	year={2011},
	publisher={Elsevier}
}

@book{lovins1968development,
	title={Development of a stemming algorithm},
	author={Lovins, Julie B},
	year={1968},
	publisher={MIT Information Processing Group, Electronic Systems Laboratory Cambridge}
}

@inproceedings{kohavi1995study,
	title={A study of cross-validation and bootstrap for accuracy estimation and model selection},
	author={Kohavi, Ron and others},
	booktitle={Ijcai},
	volume={14},
	number={2},
	pages={1137--1145},
	year={1995},
	organization={Stanford, CA}
}

@book{montgomery2010applied,
  title={Applied statistics and probability for engineers},
  author={Montgomery, Douglas C and Runger, George C},
  year={2010},
  publisher={John Wiley \& Sons}
}

@inproceedings{mccallum1998comparison,
	title={A comparison of event models for naive bayes text classification},
	author={McCallum, Andrew and Nigam, Kamal and others},
	booktitle={AAAI-98 workshop on learning for text categorization},
	volume={752},
	pages={41--48},
	year={1998},
	organization={Madison, WI}
}

@article{shapiro1965analysis,
  title={An analysis of variance test for normality (complete samples)},
  author={Shapiro, Samuel Sanford and Wilk, Martin B},
  journal={Biometrika},
  volume={52},
  number={3/4},
  pages={591--611},
  year={1965},
  publisher={JSTOR}
}

@article{guyon2003introduction,
	title = {{An introduction to variable and feature selection}},
	author={Guyon, I. and Elisseeff, A.},
	journal={The Journal of Machine Learning Research},
	volume={3},
	pages={1157--1182},
	issn={1532-4435},
	year={2003},
	publisher={JMLR. org}
}

@inproceedings{gabrilovich2004text,
	title={Text categorization with many redundant features: using aggressive feature selection to make SVMs competitive with C4. 5},
	author={Gabrilovich, Evgeniy and Markovitch, Shaul},
	booktitle={Proceedings of the twenty-first international conference on Machine learning},
	pages={41},
	year={2004},
	organization={ACM}
}

@ARTICLE{mfd2014,
	author = {Pinheiro, R.H.W. and Cavalcanti, G.D.C. and Ren, T.I.},
	title = {{Data-driven global-ranking local feature selection methods for text categorization}},
	journal = {Expert Systems with Applications},
	volume={42},
	number={4},
	pages={1941--1949},
	year = {2015}
}

@inproceedings{fragoso2016cmfdr,
	author = {Fragoso, R.C.P. and Pinheiro, R.H.W. and Cavalcanti, G.D.C.},
	title={Class-dependent feature selection algorithm for text categorization},
	booktitle={International Joint Conference on Neural Networks},
	year={2016}
}

@inproceedings{fragoso2016afsa,
	author = {Fragoso, R.C.P. and Pinheiro, R.H.W. and Cavalcanti, G.D.C.},
	title={A method for automatic determination of the feature vector size for text categorization},
	booktitle={2016 Brazilian Conference on Intelligent Systems},
	year={2016}
}

@article{razali2011power,
	title={Power comparisons of shapiro-wilk, kolmogorov-smirnov, lilliefors and anderson-darling tests},
	author={Razali, Nornadiah Mohd and Wah, Yap Bee and others},
	journal={Journal of statistical modeling and analytics},
	volume={2},
	number={1},
	pages={21--33},
	year={2011}
}

@article{shapiro1965analysis,
	title={An analysis of variance test for normality (complete samples)},
	author={Shapiro, Samuel Sanford and Wilk, Martin B},
	journal={Biometrika},
	volume={52},
	number={3/4},
	pages={591--611},
	year={1965},
	publisher={JSTOR}
}

@article{anderson1954test,
	title={A test of goodness of fit},
	author={Anderson, Theodore W and Darling, Donald A},
	journal={Journal of the American statistical association},
	volume={49},
	number={268},
	pages={765--769},
	year={1954},
	publisher={Taylor \& Francis}
}

@article{durbin1972components,
	title={Components of Cramer-von Mises statistics. I},
	author={Durbin, James and Knott, Martin},
	journal={Journal of the Royal Statistical Society. Series B (Methodological)},
	pages={290--307},
	year={1972},
	publisher={JSTOR}
}

